<?xml version="1.0" encoding="UTF-8"?><collection xmlns="http://www.loc.gov/MARC21/slim"><record><leader>00479nam--2200157-i-4500</leader><controlfield tag="001">000017936</controlfield><controlfield tag="002">20161230</controlfield><controlfield tag="005">20170127201516</controlfield><controlfield tag="008">060222s1000------------r-----000-0-eng-d</controlfield><datafield ind1=" " ind2=" " tag="100"><subfield code="a">Foerster, Heinz Von</subfield></datafield><datafield ind1=" " ind2=" " tag="245"><subfield code="a">Cybernetics. Circular causal and feedback mechanisms in biologiacl and social system. Contents: Studies in the activity of the brain</subfield></datafield><datafield ind1=" " ind2=" " tag="260"><subfield code="a">New York</subfield><subfield code="b">J.Macy</subfield><subfield code="c">1955</subfield></datafield><datafield ind1=" " ind2=" " tag="300"><subfield code="a">100 p</subfield></datafield><datafield ind1=" " ind2=" " tag="700"><subfield code="a">Mead, M</subfield></datafield><datafield ind1=" " ind2=" " tag="852"><subfield code="a">11838</subfield></datafield><datafield ind1=" " ind2=" " tag="CAT"><subfield code="a">SYS</subfield><subfield code="c">20170127</subfield><subfield code="h">201516</subfield></datafield></record></collection>